@proceedings{REF:6244/2011,
  title       = {An Architecture for Network Management Using NETCONF and YANG},
  author      = {P Shafer},
  year        = {2011},
  crossref    = {http://www.rfc-editor.org/rfc/rfc6244.txt},
  pages       = {17-30},
  booktitle   = {},
  language    = {english}
}
@proceedings{NOMS:conf/time/noms2012,
  author    = {Sylvain Hallé and Eric L Ngoupé and Gaetan Nijdam and Omar Cherkaoui and Petko Valtchev and Roger Villemaire},
  title	    = {ValidMaker: A Tool for Managing Device Configurations Using Logical Constraints},
  publisher = {Network Operations and Management Symposium (NOMS)},
  Journal   = {Network Operations and Management Symposium (NOMS) 2012 IEEE },
  Editor    = {NOMS},
  year      = {2012},
  pages     = {1111-1118},
  language    = {english},
  crossref = {http://www.leduotang.com/sylvain/publications/2012/manfi}
}

@proceedings{USINEX:conf/time/William,
  author    = {William Enck and Patrick McDaniel and Subhabrata Sen and Panagiotis Sebos and Sylke Spoerel and Albert Greenberg and Sanjay Rao and William Aiello},
  title     = {Configuration Management at Massive Scale: System Design and Experience},
  booktitle = {Usinex},
  year      = {2007},
  pages     = {73-86},
  ee        = {https://www.usenix.org/legacy/events/usenix07/tech/enck.html},
  bibsource = {USENIX Annual Technical Conference}
}
@proceedings{DBLP:conf/lisa/2011,
  title       = {Automating Network and Service Configuration Using NETCONF and YANG},
  author      = {Claes Wikström and Stefan Wallin},
  year        = {2011},
  pages       = {22-22},
  booktitle   = {LISA Conference },
  crossref          = {https://www.usenix.org/conference/lisa11/automating-network-and-service-configuration-using-netconf-and-yang},
  language    = {english}
}

@proceedings{DBLP:conf/rfc6020/2010,
  title       = {A Data Modeling Language for the Network Configuration Protocol (NETCONF). RFC 6020 (Proposed
Standard)},
	  author      = {Bjorklund, Ed},
  year        = {2010},
  booktitle   = {Internet Engineering Task Force (IETF)},
  issn        = {2070-1721},
  language    = {english},
  }

@INPROCEEDINGS{Halleaformal,
    author = {Sylvain Hallé and Rudy Deca and Omar Cherkaoui and Roger Villemaire},
    title = {A formal validation model for the netconf protocol},
    booktitle = {of Lecture Notes in Computer Science},
    year = {2004},
    pages = {147--158},
    publisher = {Springer}
}

@proceedings{DBLP:conf/ifip1-7/2006,
  title       = {NETCONF Configuration Protocol},
	author			={R. Enns Ed and juniper},
  year        = {2006},
  booktitle   = {Request for Comments: 4741},
  editor      = {Network Working Group},
  isbn        = {},
  language    = {},
  publisher   = {}
}
@proceedings{ref42,
  author    = {Zuccarelli Laurent and LE Laouenan Mathieu},
  title	    = {Protocole d'administration Netconf},
  publisher = {Telecom Lille },
  Journal   = {Tecom Lille },
  Editor    = { Tecom Lille},
  year      = {2010},
	pages 			= { },
  ee        = {\url{http://wapiti.telecom-lille1.eu/commun/ens/peda/options/ST/RIO/pub/exposes/exposesser2010-ttnfa2011/lelaouenan-zuccarelli/intro.html}},
  bibsource ={\url{http://wapiti.telecom-lille1.eu/commun/ens/peda/options/ST/RIO/pub/exposes/exposesser2010-ttnfa2011/lelaouenan-zuccarelli/intro.html}}
}

@proceedings{DBLP:conf/time/2009,
  editor    = {Carsten Lutz and
               Jean-Fran\c{c}ois Raskin},
  title     = {TIME 2009, 16th International Symposium on Temporal Representation
               and Reasoning, Bressanone-Brixen, Italy, 23-25 July 2009,
               Proceedings},
  booktitle = {TIME},
  publisher = {IEEE Computer Society},
  year      = {2009},
  isbn      = {978-0-7695-3727-6},
  bibsource = {DBLP, http://dblp.uni-trier.de}
}
@inproceedings{DBLP:conf/infocom/Enns2011,
  author    = { R Enns and Ed and M Bjorklund and J Schoenwaelder and A Bierman Ed},
  title	    = {Network Configuration Protocol (NETCONF)},
  publisher = {RFC 6241},
  Journal   = {RFC 6241},
  booktitle = { },
  year      = {2011},
	pages 			= { },
  ee        = { },
  bibsource ={\url{http://www.hjp.at/doc/rfc/rfc6241.html}}
}

@article{Rfc6728,
  author    = {P. Aitken and B. Claise and G. Muenz},
  title	    = {Configuration Data Model for the IP Flow Information},
  publisher = {RFC  6728},
  Journal   = {RFC 6728},
  Editor    = { },
  year      = {2012},
	pages 			= { },
  ee        = { },
  bibsource ={\url{http://www.faqs.org/rfcs/rfc6728.html#b}}
	}
	@article{ref95,
  author    = {J. Schoenwaelder},
  title	    = {Overview of the 2002 IAB Network Management Workshop},
  publisher = {RFC 3535},
  Journal   = {RFC 3535},
  Editor    = { },
  year      = {2003},
	pages 			= { },
  ee        = { },
  bibsource ={\url{http://www.faqs.org/rfcs/rfc3535.html}}
	}
@article{DBLP:journals/jsac/Al-ShaerHBH05,
  author    = {Ehab Al-Shaer and
               Hazem Hamed and
               Raouf Boutaba and
               M. Hasan},
  title     = {Conflict classification and analysis of distributed firewall
               policies},
  journal   = {IEEE Journal on Selected Areas in Communications},
  volume    = {23},
  number    = {10},
  year      = {2005},
  pages     = {2069-2084},
  ee        = {http://doi.ieeecomputersociety.org/10.1109/JSAC.2005.854119},
  bibsource = {DBLP, http://dblp.uni-trier.de}
}

@inproceedings{yyrsbykntICSCN07,
author = {Y. Yin and R. Bhuvaneswaran and Y.~Katayama and N.~Takahashi},
title = {Analysis methods of firewall policies by using spatial
    relationships between filters},
 booktitle = {ICSCN},
pages = {348--354}
}

@inproceedings{axlmggIFIP_WCDAS05,
author = {A. Liu and M. Gouda}, title = {Complete
  redundancy detection in firewalls}, 
  booktitle = {Proceedings of
  the 19th Annual IFIP WG 11.3 Working Conference on Data and Applications
  Security}, volume = {3654},
  series = {Lecture   Notes in Computer Science},
  publisher = {Springer},
  year = {2005}
}

@inproceedings{DBLP:conf/lisa/NelsonBDFK10,
  title       = {The {Margrave} Tool for Firewall Analysis},
  author      = {Timothy Nelson and Christopher Barratt and Daniel
                 J. Dougherty and Kathi Fisler and Shriram
                 Krishnamurthi},
  year        = {2010},
  crossref    = {DBLP:conf/lisa/2010},
  pages       = {1-18},
  booktitle   = {LISA},
  ee          = {www.usenix.org/event/lisa10/tech/full_papers/Nelson.pdf},
  language    = {english}
}

@proceedings{DBLP:conf/lisa/2010,
  title       = {Proceedings of the 24nd Large Installation System
                 Administration Conference, LISA 2010, November
                 7-12, 2010, San Jose, CA, USA},
  year        = {2010},
  booktitle   = {LISA},
  editor      = {Rudi van Drunen},
  isbn        = {978-1-931971-63-8},
  language    = {english},
  publisher   = {USENIX Association}
}

@article{DBLP:journals/cn/GoudaL07,
  author    = {Mohamed G. Gouda and
               Alex X. Liu},
  title     = {Structured firewall design},
  journal   = {Computer Networks},
  volume    = {51},
  number    = {4},
  year      = {2007},
  pages     = {1106-1120},
  ee        = {http://dx.doi.org/10.1016/j.comnet.2006.06.015},
  bibsource = {DBLP, http://dblp.uni-trier.de}
}
